@IEEEtranBSTCTL{IEEEexample:BSTcontrol,
	CTLdash_repeated_names = "no"
}

% 1. Introduction

% HSI application
@book{Borengasser2007HSIApplications, 
    title={Hyperspectral remote sensing: principles and applications}, 
    author={Borengasser, M. and Hungate, W. S and Watkins, R.}, 
    year={2007}, 
    publisher={CRC press}
}

@book{Grahn2007Techniques, 
    title={Techniques and applications of hyperspectral image analysis},
    author={Grahn, H. and Geladi, P.}, 
    year={2007}, 
    publisher={John Wiley \& Sons}
}

@book{Thenkabail2016VegetationOverview,
    author = {Thenkabail, P. S. and Lyon, J. G. and Huete, A.},
    title = {Hyperspectral remote sensing of vegetation},
    publisher = {CRC press},
    year = {2016}
}

@Article{Lu2020AgricultureOverview,
    AUTHOR = {Lu, B. and Dao, P. D. and Liu, J. and He, Y. and Shang, J.},
    TITLE = {Recent Advances of Hyperspectral Imaging Technology and Applications in Agriculture},
    JOURNAL = {Remote Sens.},
    VOLUME = {12},
    YEAR = {2020},
    NUMBER = {16},
    pages = {2659},
    publisher={MDPI}
}

% HSI denoising
@ARTICLE{Shen2015DenoisingOverview,  
    author={Shen, H. and Li, X. and Cheng, Q. and Zeng, C. and Yang, G. and Li, H. and Zhang, L.},  
    journal={IEEE Geosci. Remote Sens. Mag.},
    title={Missing Information Reconstruction of Remote Sensing Data: A Technical Review},   
    year={2015},  
    volume={3},  
    number={3},  
    pages={61-85}
}

@Article{Rasti2018DenoisingOverview,
    AUTHOR = {Rasti, B. and Scheunders, P. and Ghamisi, P. and Licciardi, G. and Chanussot, J.},
    TITLE = {Noise Reduction in Hyperspectral Imagery: Overview and Application},
    JOURNAL = {Remote Sens.},
    VOLUME = {10},
    YEAR = {2018},
    NUMBER = {3},
    ARTICLE-NUMBER = {482},
    ISSN = {2072-4292}
}

@ARTICLE{Shen2022DenoisingOverview,  
    author={Shen, H. and Jiang, M. and Li, J. and Zhou, C. and Yuan, Q. and Zhang, L.},  
    journal={IEEE Geosci. Remote Sens. Mag.},  
    title={Coupling Model- and Data-Driven Methods for Remote Sensing Image Restoration and Fusion: Improving physical interpretability},   
    year={2022},  
    volume={10},  
    number={2},  
    pages={231-249}
}

% Unmixing
@ARTICLE{Bioucas-Dias2012UnmixingOverview,  
    author={Bioucas-Dias, J. M. and Plaza, A. and Dobigeon, N. and Parente, M. and Du, Q. and Gader, P. and Chanussot, J.},  
    journal={IEEE J. Sel. Topics Appl. Earth Observ. Remote Sens.},
    title={Hyperspectral Unmixing Overview: Geometrical, Statistical, and Sparse Regression-Based Approaches},   
    year={2012},  
    volume={5},  
    number={2},  
    pages={354-379}
}

@ARTICLE{Ma2014UnmixingOverview,  
    author={Ma, W. and Bioucas-Dias, J. M. and Chan, T. and Gillis, N. and Gader, P. and Plaza, A. J. and Ambikapathi, A. and Chi, C.},  
    journal={IEEE Signal Process. Mag.},   
    title={A Signal Processing Perspective on Hyperspectral Unmixing: Insights from Remote Sensing},   
    year={2014},  
    volume={31},  
    number={1},  
    pages={67-81}
}


% classification
@ARTICLE{Ghamisi2017Classification,  
    author={Ghamisi, P. and Plaza, J. and Chen, Y. and Li, J. and Plaza, A. J},  
    journal={IEEE Geosci. Remote Sens. Mag.},   
    title={Advanced Spectral Classifiers for Hyperspectral Images: A review},   
    year={2017},  
    volume={5},  
    number={1},  
    pages={8-32}
}

@ARTICLE{Li2019Classification,  
    author={Li, S. and Song, W. and Fang, L. and Chen, Y. and Ghamisi, P. and Benediktsson, J. A.},  
    journal={IEEE Trans. Geosci. Remote Sens.},   
    title={Deep Learning for Hyperspectral Image Classification: An Overview},   
    year={2019},  
    volume={57},  
    number={9},  
    pages={6690-6709}
}

@ARTICLE{Nicolas2019Classification,  
    author={Audebert, N. and Saux, B. L. and Lefevre, S.},  
    journal={IEEE Geosci. Remote Sens. Mag.},   
    title={Deep Learning for Classification of Hyperspectral Data: A Comparative Review},   
    year={2019},  
    volume={7},  
    number={2},  
    pages={159-173}
}

% Anomaly detection
@ARTICLE{Su2022Anomaly,  
    author={Su, H. and Wu, Z. and Zhang, H. and Du, Q.},  
    journal={IEEE Geosci. Remote Sens. Mag.},   
    title={Hyperspectral Anomaly Detection: A survey},   
    year={2022},  
    volume={10},  
    number={1},  
    pages={64-90}
}

@ARTICLE{Matteoli2014Anomaly,  
    author={Matteoli, S. and Diani, M. and Theiler, J.},  
    journal={IEEE J. Sel. Topics Appl. Earth Observ. Remote Sens.},   
    title={An Overview of Background Modeling for Detection of Targets and Anomalies in Hyperspectral Remotely Sensed Imagery},   
    year={2014},  
    volume={7},  
    number={6},  
    pages={2317-2336}
}

% Robust
@ARTICLE{Xue2017Robust,
	author={Xue, Z. and Du, P. and Li, J. and Su, H.},
	journal={IEEE Trans. Geosci. Remote Sens.}, 
	title={Sparse Graph Regularization for Hyperspectral Remote Sensing Image Classification}, 
	year={2017},
	volume={55},
	number={4},
	pages={2351-2366}
}

@ARTICLE{Jiang2022Adaptive,
	author={Jiang, T.-X. and Zhuang, L. and Huang, T.-Z. and Zhao, X.-L. and Bioucas-Dias, J. M.},
	journal={IEEE Trans. Geosci. Remote Sens.}, 
	title={Adaptive Hyperspectral Mixed Noise Removal}, 
	year={2022},
	volume={60},
	number={},
	pages={1-13}
}

@ARTICLE{Naganuma2024Unmixing,
	author={Naganuma, K. and Ono, S.},
	journal={IEEE J. Sel. Topics Appl. Earth Observ. Remote Sens.}, 
	title={Toward Robust Hyperspectral Unmixing: Mixed Noise Modeling and Image-Domain Regularization}, 
	year={2024},
	volume={17},
	pages={8117-8138}
}

% Deep
@ARTICLE{Yuan2019HSIDCNN,
    author={Yuan, Q. and Zhang, Q. and Li, J. and Shen, H. and Zhang, L.},
    journal={IEEE Trans. Geosci. Remote Sens.},
    title={Hyperspectral Image Denoising Employing a Spatial–Spectral Deep Residual Convolutional Neural Network},
    year={2019},
    volume={57},
    number={2},
    pages={1205-1218}
}

@ARTICLE{Wang2022NL3DCNN,
    author={Wang, Z. and Ng, M. K. and Zhuang, L. and Gao, L. and Zhang, B.},
    journal={IEEE Trans. Geosci. Remote Sens.},
    title={Nonlocal Self-Similarity-Based Hyperspectral Remote Sensing Image Denoising With 3-D Convolutional Neural Network},
    year={2022},
    volume={60},
    number={},
    pages={1-17}
}

@ARTICLE{Wei2021QRNN3D,
    author={Wei, K. and Fu, Y. and Huang, H.},
    journal={IEEE Trans. Neural Netw. Learn. Syst.},
    title={3-\text{D} Quasi-Recurrent Neural Network for Hyperspectral Image Denoising},
    year={2021},
    volume={32},
    number={1},
    pages={363-375}
}

@inproceedings{Li2023SST,
    title={Spatial-spectral transformer for hyperspectral image denoising},
    author={Li, M. and Fu, Y. and Zhang, Y.},
    booktitle={AAAI Conf. Artif. Intell. (AAAI)},
    volume={37},
    number={1},
    pages={1368--1376},
    year={2023}
}


@ARTICLE{Zhuang2023FastHyMix,
	author={Zhuang, L. and Ng, M. K.},
	journal={IEEE Trans. Neural Netw. Learn. Syst.}, 
	title={{FastHyMix}: Fast and Parameter-Free Hyperspectral Image Mixed Noise Removal}, 
	year={2023},
	volume={34},
	number={8},
	pages={4702-4716}
}

@ARTICLE{Peng2024RCILD,
	author={Peng, J. and Wang, H. and Cao, X. and Zhao, Q. and Yao, J. and Zhang, H. and Meng, D.},
	journal={IEEE Trans. Geosci. Remote Sens.}, 
	title={Learnable Representative Coefficient Image Denoiser for Hyperspectral Image}, 
	year={2024},
	volume={62},
	number={},
	pages={1-16}
}

% Nonlocal
@INPROCEEDINGS{Qian20123DNLM,
    author={Qian, Y. and Shen, Y. and Ye, M. and Wang, Q.},
    booktitle={Proc. IEEE Int. Geosci. Remote Sens. Symp.},
    title={3-\text{D} nonlocal means filter with noise estimation for hyperspectral imagery denoising},
    year={2012},
    volume={},
    number={},
    pages={1345-1348}
}

@ARTICLE{Maggioni2013BM3D,
    author={Maggioni, M. and Katkovnik, V. and Egiazarian, K. and Foi, A.},
    journal={IEEE Trans. Image Process.},
    title={Nonlocal Transform-Domain Filter for Volumetric Data Denoising and Reconstruction},
    year={2013},
    volume={22},
    number={1},
    pages={119-133}
}

@article{Chen2014BM4D,
  title={Denoising hyperspectral imagery using principal component analysis and block-matching 4D filtering},
  author={Chen, G. and Bui, T. D and Quach, K. G. and Qian, S.-E.},
  journal={Can. J. Remote Sens.},
  volume={40},
  number={1},
  pages={60--66},
  year={2014},
  publisher={Taylor \& Francis}
}

@INPROCEEDINGS{He2019NGmeet,
	author={He, W. and Yao, Q. and Li, C. and Yokoya, N. and Zhao, Q.},
	booktitle={Proc. IEEE Conf. Comput. Vis. Pattern Recognit. (CVPR)}, 
	title={Non-Local Meets Global: An Integrated Paradigm for Hyperspectral Denoising}, 
	year={2019},
	volume={},
	number={},
	pages={6861-6870}
}

% TV regularization
@article{Rudin1992TV,
    title = {Nonlinear total variation based noise removal algorithms},
    journal = {Physica D: Nonlinear Phenomena},
    volume = {60},
    number = {1},
    pages = {259-268},
    year = {1992},
    author = {L. I. Rudin and S. Osher and E. Fatemi}
}

@article{Bresson2008TV,
    title={Fast dual minimization of the vectorial total variation norm and applications to color image processing},
    author={Bresson, X. and Chan, T. F.},
    journal={Inverse problems imag.},
    volume={2},
    number={4},
    pages={455--484},
    year={2008}
} 


@ARTICLE{Yuan2012HTV,
    author={Yuan, Q. and Zhang, L. and Shen, H.},
    journal={IEEE Trans. Geosci. Remote Sens.}, 
    title={Hyperspectral Image Denoising Employing a Spectral–Spatial Adaptive Total Variation Model}, 
    year={2012},
    volume={50},
    number={10},
    pages={3660-3677}
}

@ARTICLE{Chang2015ASSTV,
    author={Chang, Y. and Yan, L. and Fang, H. and Luo, C.},
    journal={IEEE Trans. Image Process.}, 
    title={Anisotropic Spectral-Spatial Total Variation Model for Multispectral Remote Sensing Image Destriping}, 
    year={2015},
    volume={24},
    number={6},
    pages={1852-1866}
}

% SSTV
@ARTICLE{Aggarwal2016SSTV,  
    author={Aggarwal, H. K. and Majumdar, A.}, 
    journal={IEEE Geosci. Remote Sens. Lett.},   
    title={Hyperspectral Image Denoising Using Spatio-Spectral Total Variation},   
    year={2016},  
    volume={13},  
    number={3},  
    pages={442-446}
}

@ARTICLE{Fan2018SSTV-LRTF,  
    author={Fan, H. and Li, C. and Guo, Y. and Kuang, G. and Ma, J.},  
    journal={IEEE Trans. Geosci. Remote Sens.},   
    title={Spatial–Spectral Total Variation Regularized Low-Rank Tensor Decomposition for Hyperspectral Image Denoising},   
    year={2018},  
    volume={56}, 
    number={10}, 
    pages={6196-6213}
}

@ARTICLE{Ince2019GLSSTV,  
    author={Ince, T.},  
    journal={IEEE Access},   
    title={Hyperspectral Image Denoising Using Group Low-Rank and Spatial-Spectral Total Variation},   
    year={2019},  
    volume={7},  
    number={}, 
    pages={52095-52109}
}

@Article{Takeyama2020HSSTV,
    AUTHOR = {Takeyama, S. and Ono, S. and Kumazawa, I.},
    TITLE = {A Constrained Convex Optimization Approach to Hyperspectral Image Restoration with Hybrid Spatio-Spectral Regularization},
    JOURNAL = {Remote Sens.},
    VOLUME = {12},
    YEAR = {2020},
    NUMBER = {21},
    ARTICLE-NUMBER = {3541}
}

@ARTICLE{Wang2021l0l1HTV,  
    author={Wang, M. and Wang, Q. and Chanussot, J. and Hong, D.},   
    journal={IEEE Trans. Geosci. Remote Sens.},   
    title={$l_0$-$l_1$ Hybrid Total Variation Regularization and its Applications on Hyperspectral Image Mixed Noise Removal and Compressed Sensing},   
    year={2021},  
    volume={59},  
    number={9},  
    pages={7695-7710}
}

@ARTICLE{Ono2017l0Gradient,
    author={Ono, S.},
    journal={IEEE Trans. Image Process.}, 
    title={$\mathrm{L}_{0}$ Gradient Projection}, 
    year={2017},
    volume={26},
    number={4},
    pages={1554-1564}
}

@ARTICLE{Takemoto2022GSSTV,  
    author={Takemoto, S. and Naganuma, K. and Ono, S.},  
    journal={IEEE Geosci. Remote Sens. Lett.},   
    title={Graph Spatio-Spectral Total Variation Model for Hyperspectral Image Denoising},   
    year={2022},  
    volume={19},  
    number={},  
    pages={1-5},  
    doi={10.1109/LGRS.2022.3192912}
}

@ARTICLE{Wang2018LRTDTV,  
    author={Wang, Y. and Peng, J. and Zhao, Q. and Leung, Y. and Zhao, X. and Meng, D.},  
    journal={IEEE J. Sel. Topics Appl. Earth Observ. Remote Sens.},  
    title={Hyperspectral Image Restoration Via Total Variation Regularized Low-Rank Tensor Decomposition},   
    year={2018},  
    volume={11},  
    number={4},  
    pages={1227-1243},  
    doi={10.1109/JSTARS.2017.2779539}
}

@ARTICLE{Chen2020LRTDGS,
	author={Chen, Y. and He, W. and Yokoya, N. and Huang, T.-Z.},
	journal={IEEE Trans. Cybern.}, 
	title={Hyperspectral Image Restoration Using Weighted Group Sparsity-Regularized Low-Rank Tensor Decomposition}, 
	year={2020},
	volume={50},
	number={8},
	pages={3556-3570}
}
  
  @ARTICLE{Chen2022FGSLR,
  	author={Chen, Y. and Huang, T. and He, W. and Zhao, X. and Zhang, H. and Zeng, J.},
  	journal={IEEE Trans. Geosci. Remote Sens.}, 
  	title={Hyperspectral Image Denoising Using Factor Group Sparsity-Regularized Nonconvex Low-Rank Approximation}, 
  	year={2022},
  	volume={60},
  	number={},
  	pages={1-16}
  }
  
  
  @ARTICLE{Chen2023TPTV,
  	author={Chen, Y. and Cao, W. and Pang, L. and Peng, J. and Cao, X.},
  	journal={IEEE Trans. Geosci. Remote Sens.}, 
  	title={Hyperspectral Image Denoising Via Texture-Preserved Total Variation Regularizer}, 
  	year={2023},
  	volume={61},
  	number={},
  	pages={1-14}
  	}


% LR
@ARTICLE{Zhang2014LRMR,
    author={Zhang, H. and He, W. and Zhang, L. and Shen, H. and Yuan, Q.},
    journal={IEEE Trans. Geosci. Remote Sens.}, 
    title={Hyperspectral Image Restoration Using Low-Rank Matrix Recovery}, 
    year={2014},
    volume={52},
    number={8},
    pages={4729-4743}
}

@ARTICLE{Xu2017LRMF,
	author={Xu, F. and Chen, Y. and Peng, C. and Wang, Y. and Liu, X. and He, G.},
	journal={IEEE Geosci. Remote Sens. Lett.}, 
	title={Denoising of Hyperspectral Image Using Low-Rank Matrix Factorization}, 
	year={2017},
	volume={14},
	number={7},
	pages={1141-1145}
}

@ARTICLE{Zheng2020SpatDIs,
	author={Zheng, Y.-B. and Huang, T.-Z. and Zhao, X.-L. and Chen, Y. and He, W.},
	journal={IEEE Trans. Geosci. Remote Sens.}, 
	title={Double-Factor-Regularized Low-Rank Tensor Factorization for Mixed Noise Removal in Hyperspectral Image}, 
	year={2020},
	volume={58},
	number={12},
	pages={8450-8464}
}

@ARTICLE{He2016LRTV,
author={He, W. and Zhang, H. and Zhang, L. and Shen, H.},
journal={IEEE Trans. Geosci. Remote Sens.}, 
title={Total-Variation-Regularized Low-Rank Matrix Factorization for Hyperspectral Image Restoration}, 
year={2016},
volume={54},
number={1},
pages={178-188}
}

% Tensor
@ARTICLE{Xue2024Tensor,
    author={Xue, J. and Zhao, Y. -Q. and Wu, T. and Chan, J. C. -W.},
    journal={IEEE Trans. Circuits Syst. Video Technol.},
    title={Tensor Convolution-Like Low-Rank Dictionary for High-Dimensional Image Representation},
    year={2024},
    volume={34},
    number={12},
    pages={13257-13270}
}

@ARTICLE{Xue2022Tensor1,
    author={Xue, J. and Zhao, Y. and Huang, S. and Liao, W. and Chan, J. C.-W. and Kong, S. G.},
    journal={IEEE Trans. Neural Netw. Learn. Syst.},
    title={Multilayer Sparsity-Based Tensor Decomposition for Low-Rank Tensor Completion},
    year={2022},
    volume={33},
    number={11},
    pages={6916-6930}
}

@ARTICLE{Xue2022Tensor2,
    author={Xue, Jize and Zhao, Yongqiang and Bu, Yuanyang and Chan, Jonathan Cheung-Wai and Kong, Seong G.},
    journal={IEEE Trans. Cybern.},
    title={When Laplacian Scale Mixture Meets Three-Layer Transform: A Parametric Tensor Sparsity for Tensor Completion},
    year={2022},
    volume={52},
    number={12},
    pages={13887-13901}
}

@ARTICLE{Sun2022Tensor,
    author={Sun, L. and He, C.},
    journal={IEEE Geosci. Remote Sens. Lett.},
    title={Hyperspectral Image Mixed Denoising Using Difference Continuity-Regularized Nonlocal Tensor Subspace Low-Rank Learning},
    year={2022},
    volume={19},
    number={},
    pages={1-5}
}

@ARTICLE{Li2024LRTDAHL,
    author={Li, D. and Chu, D. and Guan, X. and He, W. and Shen, H.},
    journal={IEEE Trans. Geosci. Remote Sens.},
    title={Adaptive Regularized Low-Rank Tensor Decomposition for Hyperspectral Image Denoising and Destriping},
    year={2024},
    volume={62},
    number={},
    pages={1-17}
}


% STV
@article{Lefkimmiatis2015STV,
    author = {Lefkimmiatis, S. and Roussos, A. and Maragos, P. and Unser, M.},
    title = {Structure Tensor Total Variation},
    journal = {SIAM J. Imag. Sci.},
    volume = {8},
    number = {2},
    pages = {1090-1122},
    year = {2015}
}

@INPROCEEDINGS{Ono2016ASTV,  
    author={Ono, S. and Shirai, K. and Okuda, M.},  
    booktitle={Proc. IEEE Int. Conf. Acoust., Speech, Signal Process. (ICASSP)},   
    title={Vectorial total variation based on arranged structure tensor for multichannel image restoration},   
    year={2016},  
    volume={},  
    number={},  
    pages={4528-4532}
}

@article{Wu2017STWNNM,
    title = {Structure tensor total variation-regularized weighted nuclear norm minimization for hyperspectral image mixed denoising},
    journal = {Signal Process.},
    volume = {131},
    pages = {202-219},
    year = {2017},
    author = {Wu, Z. and Wang, Q. and Jin, J. and Shen, Y.}
}

% ref_WNNM
@INPROCEEDINGS{Gu2014WNNM,
author={Gu, S. and Zhang, L. and Zuo, W. and Feng, X.},
booktitle={Proc. IEEE Conf. Comput. Vis. Pattern Recognit. (CVPR)}, 
title={Weighted Nuclear Norm Minimization with Application to Image Denoising}, 
year={2014},
volume={},
number={},
pages={2862-2869}
}

@ARTICLE{Peng2014WNNM,
author={Peng, Y. and Suo, J. and Dai, Q. and Xu, W.},
journal={IEEE Trans. Cybern.}, 
title={Reweighted Low-Rank Matrix Recovery and its Application in Image Restoration}, 
year={2014},
volume={44},
number={12},
pages={2418-2430}
}

@INPROCEEDINGS{Hosono2016WTNNM,
    author={Hosono, K. and Ono, S. and Miyata, T.},
    booktitle={Proc. IEEE Int. Conf. Image Process. (ICIP)}, 
    title={Weighted tensor nuclear norm minimization for color image denoising}, 
    year={2016},
    volume={},
    number={},
    pages={3081-3085}
}



@INPROCEEDINGS{Kurihara2017SSST,  
    author={Kurihara, R. and Ono, S. and Shirai, K. and Okuda, M.},  
    booktitle={Proc. Eur. Signal Process. Conf. (EUSIPCO)},   
    title={Hyperspectral image restoration based on spatio-spectral structure tensor regularization},   
    year={2017},  
    volume={},  
    number={},  
    pages={488-492}
}

% Observation model
@ARTICLE{Zhang2022Double,
author={Zhang, H. and Cai, J. and He, W. and Shen, H. and Zhang, L.},
journal={IEEE Trans. Geosci. Remote Sens.}, 
title={Double Low-Rank Matrix Decomposition for Hyperspectral Image Denoising and Destriping}, 
year={2022},
volume={60},
number={},
pages={1-19}
}


% 2. Notations
% 2.B. Proximal Tools
@article{Combettes2013Moreau,
    title={Moreau’s decomposition in Banach spaces},
    author={Combettes, P. L. and Reyes, N. N.},
    journal={Math. Program.},
    volume={139},
    number={1},
    pages={103--114},
    year={2013},
    publisher={Springer}
}

% 2. C. P-PDS
@INPROCEEDINGS{Pock2011PPDS,  
    author={Pock, T. and Chambolle, A.},  
    booktitle={Proc. IEEE Int. Conf. Comput. Vis. (ICCV)},   
    title={Diagonal preconditioning for first order primal-dual algorithms in convex optimization},   
    year={2011},  
    volume={},  
    number={},  
    pages={1762-1769},  
    doi={10.1109/ICCV.2011.6126441}
}

@article{Chambolle2011PDS,
    title={A first-order primal-dual algorithm for convex problems with applications to imaging},
    author={Chambolle, A. and Pock, T.},
    journal={J. Math. Imag. Vis.},
    volume={40},
    number={1},
    pages={120-145},
    year={2011},
    publisher={Springer}
}

@article{Condat2013PDS,
title={A primal--dual splitting method for convex optimization involving Lipschitzian, proximable and linear composite terms},
author={Condat, L.},
journal={J. Optim. Theory Appl.},
volume={158},
number={2},
pages={460-479},
year={2013},
publisher={Springer}
}

@INPROCEEDINGS{Naganuma2022OVDP,
author={Naganuma, K and Ono, S.},
booktitle={Proc. Eur. Signal Process. Conf. (EUSIPCO)}, 
title={Operator-Norm-Based Variable-Wise Diagonal Preconditioning for Automatic Stepsize Selection of A Primal-Dual Splitting Algorithm}, 
year={2022},
volume={},
number={},
pages={2041-2045}
}

@ARTICLE{Naganuma2023PPDS,
author={Naganuma, K and Ono, S},
journal={IEEE Trans. Signal Process.}, 
title={Variable-Wise Diagonal Preconditioning for Primal-Dual Splitting: Design and Applications}, 
year={2023},
volume={71},
number={},
pages={3281-3295}
}


% ADMM
@article{Boyd2011ADMM,
year = {2011},
volume = {3},
journal = {Found. Trends Mach. Learn.},
title = {Distributed Optimization and Statistical Learning via the Alternating Direction Method of Multipliers},
issn = {1935-8237},
number = {1},
pages = {1-122},
author = {Boyd, S. and Parikh, N. and Chu, E. and Peleato, B. and Eckstein, J.}
}


% Proposed Method
% Regularizaiton Based on Spatio-Spectral Structure Tensor Total Variation

% Nuclear norm
@phdthesis{Fazel2002NuclearNorm,
    title={Matrix rank minimization with applications},
    author={Fazel, Maryam},
    year={2002},
    school={PhD thesis, Stanford University}
}


% Problem Formulation

% Data-fidelity constraint
@ARTICLE{Afonso2011Constraint,
    author={Afonso, M. V. and Bioucas-Dias, J. M. and Figueiredo, M.},
    journal={IEEE Trans. Image Process.}, 
    title={An Augmented Lagrangian Approach to the Constrained Optimization Formulation of Imaging Inverse Problems}, 
    year={2011},
    volume={20},
    number={3},
    pages={681-695}
}

@article{Chierchia2015Constraint,
    title={Epigraphical projection and proximal tools for solving constrained convex optimization problems},
    author={Chierchia, G. and Pustelnik, N. and Pesquet, J.-C. and Pesquet-Popescu, B.},
    journal={Signal Image Video Process.},
    volume={9},
    number={8},
    pages={1737--1749},
    year={2015},
    publisher={Springer}
}

@ARTICLE{Ono2015Constraint,  
    author={Ono, S. and Yamada, I.},  
    journal={IEEE Trans. Signal Process.},  
    title={Signal Recovery With Certain Involved Convex Data-Fidelity Constraints},   
    year={2015},  
    volume={63},  
    number={22},  
    pages={6149-6163},  
    doi={10.1109/TSP.2015.2472365}
}

@ARTICLE{Ono2017Constraint,  
    author={Ono, S.},  
    journal={IEEE Signal Process. Lett.},   
    title={Primal-Dual Plug-and-Play Image Restoration},   
    year={2017},  
    volume={24},  
    number={8},  
    pages={1108-1112},  
    doi={10.1109/LSP.2017.2710233}
}

@INPROCEEDINGS{Ono2019Constraint,  
    author={Ono, S.},  
    booktitle={Proc. IEEE Int. Conf. Acoust., Speech, Signal Process., (ICASSP)},   
    title={Efficient Constrained Signal Reconstruction by Randomized Epigraphical Projection},
    year={2019},  
    volume={}, 
    number={},  
    pages={4993-4997}
}

% Stripe noise characterization
@INPROCEEDINGS{Naganuma2021Flatness,
    author={Naganuma, K. and Takeyama, S. and Ono, S.},
    booktitle={Proc. IEEE Int. Conf. Acoust., Speech, Signal Process. (ICASSP)}, 
    title={Zero-Gradient Constraints for Destriping of Remote-Sensing Data}, 
    year={2021},
    volume={},
    number={},
    pages={1480-1484}
}

@ARTICLE{Naganuma2022Destriping,
author={Naganuma, K. and Ono, S.},
journal={IEEE Trans. Geosci. Remote Sens.}, 
title={A General Destriping Framework for Remote Sensing Images Using Flatness Constraint}, 
year={2022},
volume={60},
number={},
pages={1-16}
}

% Optimization
% DP-PDS



% Algorithm
@article{Condat2016L1ball,
title={Fast projection onto the simplex and the $\ell_{1}$ ball},
author={Condat, L.},
journal={Math. Program.},
volume={158},
number={1},
pages={575--585},
year={2016},
publisher={Springer}
}

% Experiments
@ARTICLE{Wang2004SSIM,
author={Wang, Z. and Bovik, A.C. and Sheikh, H.R. and Simoncelli, E.P.},
journal={IEEE Trans. Image Process.}, 
title={Image quality assessment: from error visibility to structural similarity}, 
year={2004},
volume={13},
number={4},
pages={600-612}
}

%ICASSP2023 S3TTV
@INPROCEEDINGS{Takemoto2023S3TTV,
author={Takemoto, S. and Ono, S.},
booktitle={Proc. IEEE Int. Conf. Acoust., Speech, Signal Process. (ICASSP)}, 
title={Enhancing Spatio-Spectral Regularization by Structure Tensor Modeling for Hyperspectral Image Denoising}, 
year={2023},
volume={},
number={},
pages={1-5},
doi={10.1109/ICASSP49357.2023.10095911}}


% structure tensor
@inproceedings{Forstner1987Fast,
title={A fast operator for detection and precise location of distinct points, corners and centres of circular features},
author={F{\"o}rstner, W. and G{\"u}lch, E.},
booktitle={Proc. ISPRS Intercommission Conf. Fast Process. Photogramm. Data},
volume={6},
pages={281--305},
year={1987},
organization={Interlaken}
}

@book{Weickert1998Anisotropic,
title={Anisotropic diffusion in image processing},
author={Weickert, J.},
volume={1},
year={1998},
publisher={Stuttgart, Germany: B. G. Teubner}
}

@book{Jahne2005Digital,
title={Digital image processing},
author={J{\"a}hne, B.},
year={2005},
publisher={Springer Sci. Bus. Media}
}


% SVD
@article{Musco2015Randomized,
    title={Randomized block krylov methods for stronger and faster approximate singular value decomposition},
    author={Musco, C. and Musco, C.},
    journal={Adv. neural inf. process. syst.},
    volume={28},
    year={2015}
}

@article{Struski2024GPUSVD,
    title = {Efficient GPU implementation of randomized SVD and its applications},
    journal = {Expert Syst. Appl.},
    volume = {248},
    pages = {123462},
    year = {2024},
    issn = {0957-4174},
    author = {Struski, {\L}. and Morkisz, P. and Spurek, P. and Bernabeu, S. Rodriguez and Trzci{\'n}ski, T.}
}


% Appendix
@article{Matsaglia1974Equalities,
title={Equalities and inequalities for ranks of matrices},
author={Matsaglia, G. and PH Styan, G.},
journal={Linear multilinear Algebra}, 
volume={2},
number={3},
pages={269--292},
year={1974},
publisher={Taylor \& Francis}
}

